@inproceedings{tsochantaridisicml04,
	author = "Tsochantaridis, I. and Hofmann, T. and Altun, Y. and Joachims, T.",
	title = "Support vector machine learning for interdependent and structured output spaces",
	booktitle = "ICML",
	year = "2004"
}

@inproceedings{taskarnips03,
	author = "Taskar, B. and Guestrin, C. and Koller, D.",
	title = "Max-margin {M}arkov networks",
	booktitle = "NIPS",
	year = "2003"
}

@inproceedings{szummereccv08,
	author = "Szummer, M. and Kohli, P. and Hoiem, D.",
	title = "Learning {CRF}s using graph cuts",
	booktitle = "ECCV",
	year = "2008"
}

@inproceedings{finleyicml08,
	author = "Finley, T. and Joachims, T.",
	title = "Structural {SVM}s when exact inference is intractable",
	booktitle = "ICML",
	year = "2008"
}

@inproceedings{finleyicml05,
	author = "Finley, T. and Joachims, T.",
	title = "Supervised clustering with support vector machines",
	booktitle = "ICML",
	year = "2005"
}

@inproceedings{yuicml09,
	author = "Yu, C.-N. and Joachims, T.",
	title = "Learning Structural {SVM}s with latent variables",
	booktitle = "ICML",
	year = "2009"
}

@inproceedings{bengioicml09,
	author = "Bengio, Y. and Louradour, J. and Collobert, R. and Weston, J.",
	title = "Curriculum learning",
	booktitle = "ICML",
	year = "2009"
}

@article{joachimsml09,
	author = "Joachims, T. and Finley, T. and Yu, C.-N.",
	title = "Cutting-plane training for structural {SVM}s",
	journal = "Machine Learning",
	volume = "77",
	number = "1",
	pages = "27-59",
	year = "2009"
}

@inproceedings{sriperumbudurnips09,
	author = "Sriperumbudur, B. and Lanckriet, G.",
	title = "On the convergence of concave-convex procedure",
	booktitle = "NIPS Workshop on Optimization for Machine Learning",
	year = "2009"
}

@article{yuillenc03,
	author = "Yuille, A. and Rangarajan, A.",
	title = "The concave-convex procedure",
	journal = "Neural Computation",
	volume = "15",
	year = "2003"
}

@inproceedings{felzenszwalbcvpr08,
	author = "Felzenszwalb, P. and Mc{A}llester, D. and Ramanan, D.",
	title = "A discriminatively trained, multiscale, deformable part model",
	booktitle = "CVPR",
	year = "2008"
}
@article{lecunieee98,
        author = "LeCun, Y. and Bottou, L. and Bengio, Y. and Haffner, P.",
				title = "Gradient based learning applied to document recognition",
				journal = "Proceedings of the IEEE",
				volume = "86",
				number = "11",
				pages = "2278-2324",
				year = "1998"
}

@article{tongjmlr01,
	author = "Tong, S. and Koller, D.",
	title = "Support vector machine active learning with applications to text classification",
	journal = "JMLR",
	volume = "2",
	pages = "45-66",
	year = "2001"
}

@article{cohnjair96,
	author = "Cohn, D. and Ghahramani, Z. and Jordan, M.",
	title = "Active learning with statistical models",
	journal = "JAIR",
	volume = "4",
	pages = "129-145",
	year = "1996"
}

@inproceedings{blumcolt98,
	author = "Blum, A. and Mitchell, T.",
	title = "Combining labeled and unlabeled data with co-training",
	booktitle = "COLT",
	year = "98"
}

@inproceedings{nigamcikm00,
	author = "Nigam, K. and Ghani, R.",
	title = "Analyzing the effectiveness and applicability of co-training",
	booktitle = "CIKM",
	year = "2000"
}

@inproceedings{dalalcvpr05,
	author = "Dalal, N. and Triggs, B.",
	title = "Histograms of oriented gradients for human detection",
	booktitle = "CVPR",
	year = "2005"
}

@article{bergercell08,
	author = "Berger, M. and Badis, G. and Gehrke, A. and 
		Talukder et al., S.", 
	title = "Variation in homeodomain {DNA} binding revealed by high-resolution analysis of sequence preferences",
	journal = "Cell",
	volume = "27",
	year = "2008"
}

@inproceedings{andrewsnips03,
	author = "Andrews, S. and Tsochantaridis, I. and Joachims, T.",
	title = "Support vector machines for multiple-instance learning",
	booktitle = "NIPS",
	year = "2003"
}

@article{floudasjota93,
	author = "Floudas, C. and Visweswaran, V.",
	title = "Primal-relaxed dual global optimization approach",
	journal = "Journal of Optimization Theory and Applications",
	volume = "78",
	number = "2",
	year = "1993",
	pages = "187-225"
}

@inproceedings{simardnips91,
	author = "Simard, P. and Victorri, B. and Le{C}un, Y. and Denker, J.",
	title = "Tangent {P}rop - A formalism for specifying selected invariances in adaptive network",
	booktitle = "NIPS",
	year = "1991"
}

@inproceedings{ngacl02,
	author = "Ng, V. and Cardie, C.",
	title = "Improving machine learning approaches to coreference resolution",
	booktitle = "ACL",
	year = "2002"
}

@inproceedings{zhangicml07,
  author = "Zhang, K. and Tsang, I. and Kwok, J.",
  title = "Maximum margin clustering made practical",
  booktitle = "ICML",
  year = "2007",
}

@book{bazaraa93,
	author = "Bazaraa, M. and Sherali, H. and Shetty, C.",
	title = "Nonlinear Programming - Theory and Algorithms",
	publisher = "John Wiley and Sons, Inc.",
	year = "1993"
}

@book{allgower90,
	author = "Allgower, E. and Georg, K.",
	title = "Numerical continuation methods: {A}n introduction",
	year = "1990",
	publisher = "Springer-Verlag"
}

@inproceedings{blaschkoeccv08,
	author = "Blaschko, M. and Lampert, C.",
	title = "Learning to localize objects with structured output regression",
	booktitle = "ECCV",
	year = "2008"
}

@article{heitzijcv09,
	author = "Heitz, G. and Elidan, G. and Packer, B. and Koller, D.",
	title = "Shape-Based object localization for descriptive classification",
	journal = "IJCV",
	year = "2009"
}

@article{dempsterjrss77,
	author = "Dempster, A. and Laird, N. and Rubin, D.",
	title = "Maximum likelihood from incomplete data via the {EM} algorithm",
	journal = "Journal of Royal Statistical Society",
	volume = "39",
	number = "1",
	pages = "1-38",
	year = "1977"
}

@book{gelman95,
	author = "Gelman, A. and Carlin, J. and Stern, H. and Rubin, D.",
	title = "Bayesian Data Analysis",
	publisher = "Chapman and Hall",
	year = "1995"
}
